@article{368,
  author = {Francisco Martínez and Francisco Charte Ojeda and María del Pilar Frías Bustamante and Ana Martínez-Rodríguez},
  title = {Strategies for time series forecasting with generalized regression neural networks},
  year = {2022},
  journal = {Neurocomputing},
  volume = {491},
  pages = {509-521},
  url = {https://doi.org/10.1016/j.neucom.2021.12.028},
  doi = {10.1016/j.neucom.2021.12.028},
  note = {PID2019-107793GB-I00},
}
